@book{BT_intro,
    author = {M. Colledanchise and P. Ögren},
    title = {Behavior Trees in Robotics and AI: An introduction},
    isbn={9781138593732},
    year={2018},
    publisher={CRC Press}
}

@MISC{vector_intersection,
    title = {Compute intersection coordinates of two vectors moving on different speeds},
    author = {David (\url{https://math.stackexchange.com/users/136138/david})},
    howpublished = {Mathematics Stack Exchange},
    url = {https://math.stackexchange.com/q/2347644},
    note = {(version: 2017-07-05)}
}

@MISC{calc_bearing,
    title = {Calculate angle between two Latitude/Longitude points},
    author = {Nayanesh Gupte (\url{https://stackoverflow.com/users/1000864/nayanesh-gupte})},
    howpublished = {Stack Overflow},
    url = {https://stackoverflow.com/a/18738281},
    note = {(version: 2018-03-20)}
}

@MISC{calc_rotation,
    title = {Finding the shortest distance between two angles},
    author = {Kyle (\url{https://stackoverflow.com/users/2779530/kyle})},
    howpublished = {Stack Overflow},
    url = {https://stackoverflow.com/a/28037434},
    note = {(version: 2021-04-08)}
}

@inbook{FSM_intro,
author = {Balogh, Richard and Obdržálek, David},
year = {2019},
month = {01},
pages = {85-91},
title = {Using Finite State Machines in Introductory Robotics: Methods and Applications for Teaching and Learning},
isbn = {978-3-319-97084-4},
doi = {10.1007/978-3-319-97085-1_9}
}

@article{FSM_safety,
author = {Bdiwi, Mohamad and Al Naser, Ibrahim and Halim, Jayanto and Bauer, Sophie and Eichler, Paul and Ihlenfeldt, Steffen},
title = {Towards safety4.0: A novel approach for flexible human-robot-interaction based on safety-related dynamic finite-state machine with multilayer operation modes},
journal = {Frontiers in Robotics and AI},
volume = {9},
pages = {1002226},
year = {2022},
month = {09},
doi = {10.3389/frobt.2022.1002226}
}

@article{BT_survey,
author = {Matteo Iovino and Edvards Scukins and Jonathan Styrud and Petter Ögren and Christian Smith},
title = {A survey of Behavior Trees in robotics and AI},
journal = {Robotics and Autonomous Systems},
volume = {154},
pages = {104096},
year = {2022},
issn = {0921-8890},
doi = {https://doi.org/10.1016/j.robot.2022.104096},
url = {https://www.sciencedirect.com/science/article/pii/S0921889022000513}
}

@inproceedings{BT_driving,
  title={Behavior Trees for decision-making in Autonomous Driving},
  author={Magnus Olsson},
  year={2016}
}

@inproceedings{BT_framework,
  author={Marzinotto, Alejandro and Colledanchise, Michele and Smith, Christian and Ögren, Petter},
  booktitle={2014 IEEE International Conference on Robotics and Automation (ICRA)}, 
  title={Towards a unified behavior trees framework for robot control}, 
  year={2014},
  month={May},
  pages={5420-5427},
  doi={10.1109/ICRA.2014.6907656},
  ISSN={1050-4729}
}

@article{BT_subsumption,
  author={Colledanchise, Michele and Ögren, Petter},
  journal={IEEE Transactions on Robotics}, 
  title={How Behavior Trees Modularize Hybrid Control Systems and Generalize Sequential Behavior Compositions, the Subsumption Architecture, and Decision Trees}, 
  year={2017},
  volume={33},
  number={2},
  pages={372-389},
  doi={10.1109/TRO.2016.2633567}
}

@inproceedings{ROS,
  title={ROS: an open-source Robot Operating System},
  author={Quigley, Morgan and Conley, Ken and Gerkey, Brian and Faust, Josh and Foote, Tully and Leibs, Jeremy and Wheeler, Rob and Ng, Andrew Y and others},
  booktitle={ICRA workshop on open source software},
  volume={3},
  number={3.2},
  pages={5},
  year={2009},
  organization={Kobe, Japan}
}

@misc{BT_FSM,
  doi = {10.48550/ARXIV.2208.04211},
  url = {https://arxiv.org/abs/2208.04211},
  author = {Ghzouli, Razan and Dragule, Swaib and Berger, Thorsten and Johnsen, Einar Broch and Wasowski, Andrzej},
  title = {Behavior Trees and State Machines in Robotics Applications},
  publisher = {arXiv},
  year = {2022},
}

@manual{shapely,
  title = {The Shapely User Manual},
  author = {Sean Gillies},
  year = {2023},
  url = {https://shapely.readthedocs.io/en/stable/manual.html},
  version = {2.0.1},
}

@manual{numpy,
  title = {NumPy documentation},
  author = {NumPy Developers},
  year = {2022},
  url = {https://numpy.org/doc/stable/},
  version = {1.24},
}

@manual{GeographicLib,
  title = {GeographicLib documentation},
  author = {Charles F. F. Karney},
  year = {2023},
  url = {https://geographiclib.sourceforge.io/C++/doc/index.html},
  version = {2.2},
}

@misc{OSMwiki,
  author = "OpenStreetMap Wiki",
  title = "Main Page --- OpenStreetMap Wiki{,} ",
  year = "2022",
  url = "https://wiki.openstreetmap.org/w/index.php?title=Main_Page",
  note = "[Online]"
 }

@misc{Overpass,
  author = "OpenStreetMap Wiki",
  title = "Overpass API --- OpenStreetMap Wiki{,} ",
  year = "2023",
  url = "https://wiki.openstreetmap.org/w/index.php?title=Overpass_API",
  note = "[Online]"
 }

@manual{BT_docs,
  title = {BehaviorTree.CPP documentation},
  author = {Davide Faconti and Eurecat},
  year = {2022},
  url = {https://behaviortree.github.io/BehaviorTree.CPP/},
  version = {3.8},
}

@manual{BT_docs_new,
  title = {BehaviorTree.CPP documentation},
  author = {Auryn Robotics},
  year = {2023},
  url = {https://www.behaviortree.dev/},
  version = {4.0.1},
}

@misc{Road_cost_docs,
  author = "Jan Vlk",
  title = "Road crossing cost algorithm",
  year = "2022",
  url = "https://github.com/ctu-vras/gps-navigation/blob/dev_road_crossing/osm_path/scripts/Road%20crossing%20docs/road_crossing_algorithm.pdf",
  note = "[Online]"
}

@book{Map_projections,
    author = {John P. Snyder},
    title = {Map projections: A working manual},
    doi={10.3133/pp1395},
    year={1987},
    publisher={U.S. Government Printing Office},
    pages={48}
}

@inproceedings{BT_creation,
  author={Banerjee, Bikramjit},
  booktitle={2018 IEEE/RSJ International Conference on Intelligent Robots and Systems (IROS)}, 
  title={Autonomous Acquisition of Behavior Trees for Robot Control}, 
  year={2018},
  pages={3460-3467},
  doi={10.1109/IROS.2018.8594083}}

